@manual{OracleETEP,
    title       = "The Oracle Optimizer - Explain the Explain Plan",
    organization= "Oracle",
    month       = "April",
    year        = "2017"
}

@manual{OraclePEwODF,
    title       = "Parallel Execution with Oracle Database 18c Fundamentals",
    organization= "Oracle",
    month       = "February",
    year        = "2018"
}

@inproceedings{Dremel,
    title   = {Dremel: Interactive Analysis of Web-Scale Datasets},
    author  = {Sergey Melnik and Andrey Gubarev and Jing Jing Long and Geoffrey Romer and Shiva Shivakumar and Matt Tolton and Theo Vassilakis},
    year    = {2010},
    URL = {http://www.vldb2010.org/accept.htm},
    booktitle   = {Proc. of the 36th Int'l Conf on Very Large Data Bases},
    pages   = {330-339}
}

@inproceedings{Impala,
    title = "Impala: A Modern, Open-Source SQL Engine for Hadoop",
    author = {Marcel Kornacker and Alexander Behm and Victor Bittorf and Taras Bobrovytsk and Casey Ching and Alan Choi and Justin Erickson and Martin Grund and Daniel Hecht and Matthew Jacobs and Ishaan Joshi and Lenni Kuff and Dileep Kumar and Alex Leblang and Nong Li and Ippokratis Pandis and Henry Robinson and David Rorkeand Silvius Rus and John Russell and Dimitris Tsirogiannis and Skye Wanderman-Milne and Michael Yoder}
}

@article{Codd,
  title={A relational model of data for large shared data banks},
  author={Codd, Edgar F},
  journal={Communications of the ACM},
  volume={13},
  number={6},
  pages={377--387},
  year={1970},
  publisher={ACM}
}

@article{BerkelySN,
  title={The case for shared nothing},
  author={Stonebraker, Michael},
  journal={IEEE Database Eng. Bull.},
  volume={9},
  number={1},
  pages={4--9},
  year={1986},
  publisher={Citeseer}
}

@article{DeWittFuture,
  title={Parallel database systems: the future of high performance database systems},
  author={DeWitt, David and Gray, Jim},
  journal={Communications of the ACM},
  volume={35},
  number={6},
  pages={85--98},
  year={1992},
  publisher={ACM}
}

@misc{ClaussenBestofBoth,
 author     = "Courtney Claussen",
 title      = "Shared Everything vs. Shared Nothing: Get the Best of Both with SAP Sybase IQ 16",
 type       = "Blog",
 year       = "2013",
 month      = "February"
}

@inproceedings{zhu2018solar,
  title={Solar: Towards a Shared-Everything Database on Distributed Log-Structured Storage},
  author={Zhu, Tao and Zhao, Zhuoyue and Li, Feifei and Qian, Weining and Zhou, Aoying and Xie, Dong and Stutsman, Ryan and Li, Haining and Hu, Huiqi},
  booktitle={2018 USENIX Annual Technical Conference (USENIX ATC 18)},
  year={2018},
  organization={USENIX Association}
}

@article{HiPerf,
  title={How to build a high-performance data warehouse},
  author={DeWitt, David J and Madden, Samuel and Stonebraker, Michael},
  journal={Available: http://db.lcs.mit.edu/madden/high\_perf.pdf [Accessed: June 2011]. BIBLIOGRAPHY BIBLIOGRAPHY},
  year={2005}
}

@misc{GerardPP,
 author     = "Gerard Nico",
 title      = "Parallel Programming - ARchitecture (Shared nothing, Shared disk, Shared Memory)",
 type       = "Blog",
 year       = "2018",
 month      = "June"
}

@article{MuchAdo,
  title={Much ado about shared-nothing},
  author={Norman, Michael G and Zurek, Thomas and Thanisch, Peter},
  journal={ACM SIGMOD Record},
  volume={25},
  number={3},
  pages={16--21},
  year={1996},
  publisher={ACM}
}

@manual{HDFSArchitecture,
    title       = "HDFS Architecture Guide",
    organization= "Apache Hadoop",
    month       = "September",
    year        = "2018"
}

@manual{OracleDataDictionary,
    title       = "Oracle 9i Database Concepts",
    organization= "Oracle",
    month       = "March",
    year        = "2002"
}

@manual{ImpalaGuide,
    title       = "Apache Impala - Interactive SQL",
    organization= "Cloudera"
}

@article{SQLonHadoop,
  title={SQL-on-Hadoop: full circle back to shared-nothing database architectures},
  author={Floratou, Avrilia and Minhas, Umar Farooq and {\"O}zcan, Fatma},
  journal={Proceedings of the VLDB Endowment},
  volume={7},
  number={12},
  pages={1295--1306},
  year={2014},
  publisher={VLDB Endowment}
}

@misc{IncrImp,
  title = {Incredible Impala},
  howpublished = {\url{https://www.slideshare.net/gwenshap/incredible-impala}},
  note = {Accessed: 2019-04-15}
}


@misc{Discussion,
    author      = "Andy Weiss and Nathaniel Whitlock",
    howpublished= "private communication",
    year        = "2018",
    month       = "November"
}
